<?xml version="1.0" encoding="UTF-8"?><collection xmlns="http://www.loc.gov/MARC21/slim"><record><leader>00358nam--2200133-i-4500</leader><controlfield tag="001">000008438</controlfield><controlfield tag="002">20161230</controlfield><controlfield tag="005">20161230201027</controlfield><controlfield tag="008">060222s1000------------r-----000-0-eng-d</controlfield><datafield ind1=" " ind2=" " tag="245"><subfield code="a">Mathematical theory of control</subfield></datafield><datafield ind1=" " ind2=" " tag="260"><subfield code="a">New York, Academic Press, 1967</subfield></datafield><datafield ind1=" " ind2=" " tag="490"><subfield code="v">Vol.2</subfield></datafield><datafield ind1=" " ind2=" " tag="700"><subfield code="a">Balakrishnan, A.V., Neustadt, Lucien W</subfield></datafield><datafield ind1=" " ind2=" " tag="CAT"><subfield code="a">Sys</subfield><subfield code="c">20080411</subfield><subfield code="h">090827</subfield></datafield></record></collection>